111111111111111111111111111111111111111111111111111111111111111111
2222222222222222222222222222222222222222222222222222222222222222222222222
3333333333333333333333333333333333333333333333333333333333333333333333333333333333333333333333333333333333333333333
44444444444444444444444444444444444444444444444444444444444444444444444444444 55555555555555555555555555555555555555555555 6666666666666666666666666666666666666666666666666666666666666666666666666666666666666666
77777777777777777777777777777777777777777777777777777777777777 88888888888888888888888888888888888888888888888888888888 99999999999999999999999999999999999999999999999999999999999999999999
1000000000000000000000000000000000000000000000000000000000000000000000000000000
